%% This BibTeX bibliography file was created using BibDesk.
%% http://bibdesk.sourceforge.net/

%% Saved with string encoding Unicode (UTF-8) 

@BOOK{linux,
  author = {Marco Cesati and Daniel P. Bovet}, 
  year={2005},
  title = {Understanding the Linux Kernel}, 
  subtitle = {Third Edition},
  edition= {third},
  publisher = {O'Reilly Media},
  pagetotal =  {944},
  isbn =  {978-0596005658}
}

@BOOK{newlinux,
  author = {Raghu Bharadwaj}, 
  year={2017},
  title = {Mastering Linux Kernel Development},
  edition= {first},
  publisher = {Packt Publishing},
  pagetotal =  {354},
  isbn =  {978-1785883057}
}

@ARTICLE{overview,
  author = {Michael Kerrisk}, 
  year={2013},
  title = {An introduction to Linux IPC},
  url={http://man7.org/conf/lca2013/IPC_Overview-LCA-2013-printable.pdf}
}

@MANUAL{shmctl,
  year={2017},
  title = {SHMCTL(2) Linux Programmer's Manual},
  edition= {4.15},
  url={http://man7.org/linux/man-pages/man2/shmctl.2.html}
}

@MANUAL{socket,
  year={2017},
  title = {SOCKET(2) Linux Programmer's Manual},
  edition= {4.15},
  url = {http://man7.org/linux/man-pages/man2/socket.2.html},
}

@ARTICLE{beej,
  author = {Brian "Beej Jorgensen" Hall},
  title = {Beej's Guide to Unix IPC},
  edition= {1.1.3},
  year = {2015},
  url = {http://beej.us/guide/bgipc/html/multi/index.html},
}

@MANUAL{lsm,
  title = {Linux Security Module Usage},
  edition= {4.16.0},
  url = {https://www.kernel.org/doc/html/v4.16/admin-guide/LSM/index.html},
}

@MANUAL{mkfifo,
  year={2017},
  title = {MKFIFO(3)  Linux Programmer's Manual},
  edition= {4.15},
  url = {http://man7.org/linux/man-pages/man3/mkfifo.3.html}
}

@mastersthesis{kacer,
    author    = {Ján Káčer},
    title     = "Medúza {DS9}",
    school    = {STU FEI},
    type     = {diploma thesis},
    year      = {2014},
    note = {FEI-5384-64746}
}

@mastersthesis{medusavilo,
    author    = {Viliam Mihálik},
    title     = "Implementácia ďalších systémových volaní do Medusy",
    school    = {STU FEI},
    type     = {bachelor thesis},
    year      = {2016},
    note = {FEI-5382-72886}
}

@ARTICLE{medusatim,
  author = {V. Mihálik and R. Ploszek and M. Smolár and M. Smoleň and P. Sýs}, 
  year={2017},
  title = {Medusa tímový projekt}
}

@ARTICLE{signal,
  author = {Rusling, David A},
  title = {Interprocess Communication Mechanisms},
  year = {1996-1999},
  url = {https://www.tldp.org/LDP/tlk/ipc/ipc.html},
}

@ARTICLE{guide,
  author = {Sven Goldt and Sven van der Meer and Scott Burkett and Matt Welsh},
  title = {The Linux Programmer's Guide},
  year = {1995},
  url = {http://tldp.org/LDP/lpg/lpg.html},
}

@MANUAL{kill,
  year={2017},
  title = {KILL(2) Linux Programmer's Manual},
  edition= {4.15},
  url = {http://man7.org/linux/man-pages/man2/kill.2.html},
}

@MANUAL{msgop,
  year={2017},
  title = {MSGOP(2) Linux Programmer's Manual},
  edition= {4.15},
  url = {http://man7.org/linux/man-pages/man2/msgop.2.html},
}

@MANUAL{msgget,
  year={2017},
  title = {MSGGET(2) Linux Programmer's Manual},
  edition= {4.15},
  url = {http://man7.org/linux/man-pages/man2/msgget.2.html},
}

@MANUAL{msgctl,
  year={2017},
  title = {MSGCTL(2) Linux Programmer's Manual},
  edition= {4.15},
  url = {http://man7.org/linux/man-pages/man2/msgctl.2.html},
}

@MANUAL{semget,
  year={2017},
  title = {SEMGET(2) Linux Programmer's Manual},
  edition= {4.15},
  url = {http://man7.org/linux/man-pages/man2/semget.2.html},
}

@MANUAL{semop,
  year={2017},
  title = {SEMOP(2) Linux Programmer's Manual},
  edition= {4.15},
  url = {http://man7.org/linux/man-pages/man2/semop.2.html},
}

@MANUAL{semctl,
  year={2017},
  title = {SEMCTL(2) Linux Programmer's Manual},
  edition= {4.15},
  url = {http://man7.org/linux/man-pages/man2/semctl.2.html},
}

@MANUAL{sigaction,
  year={2017},
  title = {SIGACTION(2) Linux Programmer's Manual},
  edition= {4.15},
  url = {http://man7.org/linux/man-pages/man2/sigaction.2.html},
}

@misc{containerof,
    author = {Radek Pazdera},
    title = {The Magical container\_of() Macro},
    howpublished = {\url{http://radek.io/2012/11/10/magical-container_of-macro/}},
    note = {Online; accessed 30.4.2018} 
}

@misc{stats,
    title = {Usage of operating systems for websites},
    howpublished = {\url{https://w3techs.com/technologies/comparison/os-linux,os-windows}},
    note = {Online; accessed 6.5.2018} 
}